@article{sholl2016seven,
  title={Seven chemical separations: to change the world: purifying mixtures without using heat would lower global energy use, emissions and pollution--and open up new routes to resources},
  author={Sholl, David S and Lively, Ryan P},
  journal={Nature},
  volume={532},
  number={7600},
  pages={435--438},
  year={2016},
  publisher={Nature Publishing Group}
}

@article{ding2015targeted,
  title={Targeted synthesis of a large triazine-based [4+ 6] organic molecular cage: structure, porosity and gas separation},
  author={Ding, Huimin and Yang, Yihui and Li, Bijian and Pan, Feng and Zhu, Guozhu and Zeller, Matthias and Yuan, Daqiang and Wang, Cheng},
  journal={Chemical Communications},
  volume={51},
  number={10},
  pages={1976--1979},
  year={2015},
  publisher={Royal Society of Chemistry}
}

@article{zhang2014organic,
  title={Organic cage compounds--from shape-persistency to function},
  author={Zhang, Gang and Mastalerz, Michael},
  journal={Chemical Society Reviews},
  volume={43},
  number={6},
  pages={1934--1947},
  year={2014},
  publisher={Royal Society of Chemistry}
}

@article{evans2015synthesis,
  title={Synthesis and applications of porous organic cages},
  author={Evans, Jack D and Sumby, Christopher J and Doonan, Christian J},
  journal={Chemistry Letters},
  volume={44},
  number={5},
  pages={582--588},
  year={2015},
  publisher={The Chemical Society of Japan}
}

@misc{PorousMaterialsJL,
  author = {},
  title = {PorousMaterials.jl},
  year = {2018},
  version   = {0.1.1},
  doi = {10.5281/zenodo.1400839},
  url={http://dx.doi.org/10.5281/zenodo.1400839}
}

@article{cooper2017porousacs,
  title={Porous molecular solids and liquids},
  author={Cooper, Andrew I},
  journal={ACS Central Science},
  volume={3},
  number={6},
  pages={544--553},
  year={2017},
  publisher={ACS Publications}
}

@article{mitra2013molecular,
  title={Molecular shape sorting using molecular organic cages},
  author={Mitra, Tamoghna and Jelfs, Kim E and Schmidtmann, Marc and Ahmed, Adham and Chong, Samantha Y and Adams, Dave J and Cooper, Andrew I},
  journal={Nature Chemistry},
  volume={5},
  number={4},
  pages={276--281},
  year={2013},
  publisher={Nature Research}
}

@article{brutschy2013direct,
  title={Direct gravimetric sensing of GBL by a molecular recognition process in organic cage compounds},
  author={Brutschy, Malte and Schneider, Markus W and Mastalerz, Michael and Waldvogel, Siegfried R},
  journal={Chemical Communications},
  volume={49},
  number={75},
  pages={8398--8400},
  year={2013},
  publisher={Royal Society of Chemistry}
}

@article{sirovich1987low,
  title={Low-dimensional procedure for the characterization of human faces},
  author={Sirovich, Lawrence and Kirby, Michael},
  journal={Journal of the Optical Society of America A},
  volume={4},
  number={3},
  pages={519--524},
  year={1987},
  publisher={Optical Society of America}
}

@article{bhown2011analysis,
  title={Analysis and status of post-combustion carbon dioxide capture technologies},
  author={Bhown, Abhoyjit S and Freeman, Brice C},
  journal={Environmental science \& Technology},
  volume={45},
  number={20},
  pages={8624--8632},
  year={2011},
  publisher={ACS Publications}
}

@article{gomez2018automatic,
  title={Automatic chemical design using a data-driven continuous representation of molecules},
  author={G{\'o}mez-Bombarelli, Rafael and Wei, Jennifer N and Duvenaud, David and Hern{\'a}ndez-Lobato, Jos{\'e} Miguel and S{\'a}nchez-Lengeling, Benjam{\'\i}n and Sheberla, Dennis and Aguilera-Iparraguirre, Jorge and Hirzel, Timothy D and Adams, Ryan P and Aspuru-Guzik, Al{\'a}n},
  journal={ACS Central Science},
  volume={4},
  number={2},
  pages={268--276},
  year={2018},
  publisher={ACS Publications}
}

@article{holden2016understanding,
  title={Understanding static, dynamic and cooperative porosity in molecular materials},
  author={Holden, Daniel and Chong, Samantha Y and Chen, Linjiang and Jelfs, Kim E and Hasell, Tom and Cooper, Andrew I},
  journal={Chemical Science},
  volume={7},
  number={8},
  pages={4875--4879},
  year={2016},
  publisher={Royal Society of Chemistry}
}

@article{julia,
  title={Julia: A fast dynamic language for technical computing},
  author={Bezanson, Jeff and Karpinski, Stefan and Shah, Viral B and Edelman, Alan},
  journal={SIAM Review},
  volume={59},
  issue={1},
  pages={65-98},
  year={2017}
}

@article{sikora2012thermodynamic,
  title={Thermodynamic analysis of Xe/Kr selectivity in over 137000 hypothetical metal--organic frameworks},
  author={Sikora, Benjamin J and Wilmer, Christopher E and Greenfield, Michael L and Snurr, Randall Q},
  journal={Chemical Science},
  volume={3},
  number={7},
  pages={2217--2223},
  year={2012},
  publisher={Royal Society of Chemistry}
}

@article{simon2015best,
  title={What are the best materials to separate a xenon/krypton mixture?},
  author={Simon, Cory M and Mercado, Rocio and Schnell, Sondre K and Smit, Berend and Haranczyk, Maciej},
  journal={Chemistry of Materials},
  volume={27},
  number={12},
  pages={4459--4475},
  year={2015},
  publisher={ACS Publications}
}

@article{patil2016noria,
  title={Noria: A Highly Xe-Selective Nanoporous Organic Solid},
  author={Patil, Rahul S and Banerjee, Debasis and Simon, Cory M and Atwood, Jerry L and Thallapally, Praveen K},
  journal={Chemistry--A European Journal},
  volume={22},
  number={36},
  pages={12618--12623},
  year={2016},
  publisher={Wiley Online Library}
}

@article{box1976science,
  title={Science and Statistics},
  author={Box, George EP},
  journal={Journal of the American Statistical Association},
  volume={71},
  number={356},
  pages={791--799},
  year={1976},
  publisher={Taylor \& Francis}
}

@article{santolini2017topological,
  title={Topological landscapes of porous organic cages},
  author={Santolini, Valentina and Miklitz, Marcin and Berardo, Enrico and Jelfs, Kim E},
  journal={Nanoscale},
  volume={9},
  number={16},
  pages={5280--5298},
  year={2017},
  publisher={Royal Society of Chemistry}
}

@article{zhu1999shape,
  title={Shape selectivity in the adsorption of propane/propene on the all-silica DD3R},
  author={Zhu, W and Kapteijn, F and Moulijn, JA},
  journal={Chemical Communications},
  number={24},
  pages={2453--2454},
  year={1999},
  publisher={The Royal Society of Chemistry}
}

@article{lee2018high,
  title={High-throughput screening approach for nanoporous materials genome using topological data analysis: application to zeolites},
  author={Lee, Yongjin and Barthel, Senja D and D{\l}otko, Pawe{\l} and Moosavi, Seyed Mohamad and Hess, Kathryn and Smit, Berend},
  journal={Journal of Chemical Theory and Computation},
  volume={14},
  number={8},
  pages={4427--4437},
  year={2018},
  publisher={ACS Publications}
}

@article{brutschy2012porous,
  title={Porous organic cage compounds as highly potent affinity materials for sensing by quartz crystal microbalances},
  author={Brutschy, Malte and Schneider, Markus W and Mastalerz, Michael and Waldvogel, Siegfried R},
  journal={Advanced Materials},
  volume={24},
  number={45},
  pages={6049--6052},
  year={2012},
  publisher={Wiley Online Library}
}

@inproceedings{koren2008factorization,
  title={Factorization meets the neighborhood: a multifaceted collaborative filtering model},
  author={Koren, Yehuda},
  booktitle={Proceedings of the 14th ACM SIGKDD international conference on Knowledge discovery and data mining},
  pages={426--434},
  year={2008},
  organization={ACM}
}

@article{crini2014history,
  title={A history of cyclodextrins},
  author={Crini, Gregorio},
  journal={Chemical Reviews},
  volume={114},
  number={21},
  pages={10940--10975},
  year={2014},
  publisher={ACS Publications}
}

@article{horng2009preparation,
  title={Preparation of a Reversible Redox-Controlled Cage-Type Molecule Linked by Disulfide Bonds},
  author={Horng, Yih-Chern and Lin, Tzung-Lung and Tu, Cheng-Yi and Sung, Ting-Ju and Hsieh, Chang-Chih and Hu, Ching-Han and Lee, Hon Man and Kuo, Ting-Shen},
  journal={European Journal of Organic Chemistry},
  volume={2009},
  number={10},
  pages={1511--1514},
  year={2009},
  publisher={Wiley Online Library}
}

@article{alter2000singular,
  title={Singular value decomposition for genome-wide expression data processing and modeling},
  author={Alter, Orly and Brown, Patrick O and Botstein, David},
  journal={Proceedings of the National Academy of Sciences},
  volume={97},
  number={18},
  pages={10101--10106},
  year={2000},
  publisher={National Acad Sciences}
}

@article{wattenberg2016how,
  author = {Wattenberg, Martin and Vi\'egas, Fernanda and Johnson, Ian},
  title = {How to Use t-SNE Effectively},
  journal = {Distill},
  year = {2016},
  url = {http://distill.pub/2016/misread-tsne},
  doi = {10.23915/distill.00002}
}

@article{van2007chemical,
  title={Chemical space travel},
  author={van Deursen, Ruud and Reymond, Jean-Louis},
  journal={ChemMedChem: Chemistry Enabling Drug Discovery},
  volume={2},
  number={5},
  pages={636--640},
  year={2007},
  publisher={Wiley Online Library}
}

@article{zhang2008eigenfaces,
  title={Eigenfaces},
  author={Zhang, Sheng and Turk, Matthew},
  journal={Scholarpedia},
  volume={3},
  number={9},
  pages={4244},
  year={2008}
}

@article{greenaway2018high,
  title={High-throughput discovery of organic cages and catenanes using computational screening fused with robotic synthesis},
  author={Greenaway, RL and Santolini, V and Bennison, MJ and Alston, BM and Pugh, CJ and Little, MA and Miklitz, M and Eden-Rump, EGB and Clowes, R and Shakil, A and Cuthbertson, HJ and Armstrong, H and Briggs, ME and Jelfs, KE and Cooper, AI},
  journal={Nature Communications},
  volume={9},
  number={1},
  pages={2849},
  year={2018},
  publisher={Nature Publishing Group}
}

@article{maaten2008visualizing,
  title={{Visualizing data using t-SNE}},
  author={Maaten, Laurens van der and Hinton, Geoffrey},
  journal={Journal of Machine Learning Research},
  volume={9},
  number={Nov},
  pages={2579--2605},
  year={2008}
}

@book{strang1993introduction,
  title={Introduction to Linear Algebra},
  author={Strang, Gilbert},
  volume={5},
  year={2016},
  publisher={Wellesley-Cambridge Press Wellesley, MA}
}

@article{kalman1996singularly,
  title={A singularly valuable decomposition: the SVD of a matrix},
  author={Kalman, Dan},
  journal={The College Mathematics Journal},
  volume={27},
  number={1},
  pages={2--23},
  year={1996},
  publisher={Taylor \& Francis}
}

@inproceedings{turk1991face,
  title={Face recognition using eigenfaces},
  author={Turk, Matthew A and Pentland, Alex P},
  booktitle={Computer Vision and Pattern Recognition, 1991. Proceedings CVPR'91., IEEE Computer Society Conference on},
  pages={586--591},
  year={1991},
  organization={IEEE}
}

@article{martin2011addressing,
  title={Addressing challenges of identifying geometrically diverse sets of crystalline porous materials},
  author={Martin, Richard Luis and Smit, Berend and Haranczyk, Maciej},
  journal={Journal of Chemical Information and Modeling},
  volume={52},
  number={2},
  pages={308--318},
  year={2011},
  publisher={ACS Publications}
}

@article{rappe1992uff,
  title={{UFF, a full periodic table force field for molecular mechanics and molecular dynamics simulations}},
  author={Rapp{\'e}, Anthony K and Casewit, Carla J and Colwell, KS and Goddard III, William A and Skiff, WM},
  journal={Journal of the American Chemical Society},
  volume={114},
  number={25},
  pages={10024--10035},
  year={1992},
  publisher={ACS Publications}
}

@article{muller2004singular,
  title={Singular value decomposition, eigenfaces, and 3D reconstructions},
  author={Muller, Neil and Magaia, Louren{\c{c}}o and Herbst, Ben M},
  journal={SIAM Review},
  volume={46},
  number={3},
  pages={518--545},
  year={2004},
  publisher={SIAM}
}

@article{denayer2005rotational,
  title={Rotational entropy driven separation of alkane/isoalkane mixtures in zeolite cages},
  author={Denayer, Joeri FM and Ocakoglu, Refik A and Arik, Ilbige C and Kirschhock, Christine EA and Martens, Johan A and Baron, Gino V},
  journal={Angewandte Chemie},
  volume={117},
  number={3},
  pages={404--407},
  year={2005},
  publisher={Wiley Online Library}
}

@article{first2013mofomics,
  title={MOFomics: Computational pore characterization of metal--organic frameworks},
  author={First, Eric L and Floudas, Christodoulos A},
  journal={Microporous and Mesoporous Materials},
  volume={165},
  pages={32--39},
  year={2013},
  publisher={Elsevier}
}

@article{evans2016computational,
  title={Computational identification of organic porous molecular crystals},
  author={Evans, Jack D and Huang, David M and Haranczyk, Maciej and Thornton, Aaron W and Sumby, Christopher J and Doonan, Christian J},
  journal={CrystEngComm},
  volume={18},
  number={22},
  pages={4133--4141},
  year={2016},
  publisher={Royal Society of Chemistry}
}

@article{fernandez2013atomic,
  title={Atomic property weighted radial distribution functions descriptors of metal--organic frameworks for the prediction of gas uptake capacity},
  author={Fernandez, Michael and Trefiak, Nicholas R and Woo, Tom K},
  journal={The Journal of Physical Chemistry C},
  volume={117},
  number={27},
  pages={14095--14105},
  year={2013},
  publisher={ACS Publications}
}

@article{oganov2009quantify,
  title={How to quantify energy landscapes of solids},
  author={Oganov, Artem R and Valle, Mario},
  journal={The Journal of Chemical Physics},
  volume={130},
  number={10},
  pages={104504},
  year={2009},
  publisher={AIP}
}

@article{lee2017quantifying,
  title={Quantifying similarity of pore-geometry in nanoporous materials},
  author={Lee, Yongjin and Barthel, Senja D and D{\l}otko, Pawe{\l} and Moosavi, S Mohamad and Hess, Kathryn and Smit, Berend},
  journal={Nature Communications},
  volume={8},
  pages={15396},
  year={2017},
  publisher={Nature Publishing Group}
}

@article{pinheiro2013characterization,
  title={Characterization and comparison of pore landscapes in crystalline porous materials},
  author={Pinheiro, Marielle and Martin, Richard L and Rycroft, Chris H and Jones, Andrew and Iglesia, Enrique and Haranczyk, Maciej},
  journal={Journal of Molecular Graphics and Modelling},
  volume={44},
  pages={208--219},
  year={2013},
  publisher={Elsevier}
}

@article{zeiler2010deconvolutional, 
	author={M. D. Zeiler and D. Krishnan and G. W. Taylor and R. Fergus}, 
	journal={2010 IEEE Computer Society Conference on Computer Vision and Pattern Recognition}, 
	title={Deconvolutional networks}, 
	year={2010}, 
volume={}, 
number={}, 
	pages={2528-2535}, 
doi={10.1109/CVPR.2010.5539957}, 
ISSN={1063-6919}, 
month={June}
}

@article{kavukcuoglu2010learning,
  title={Learning convolutional feature hierarchies for visual recognition},
  author={Kavukcuoglu, Koray and Sermanet, Pierre and Boureau, Y-Lan and Gregor, Karol and Mathieu, Micha{\"e}l and Cun, Yann L},
  journal={Advances in Neural Information Processing Systems},
  pages={1090--1098},
  year={2010}
}

@article{hinton2006reducing,
  title={Reducing the dimensionality of data with neural networks},
  author={Hinton, Geoffrey E and Salakhutdinov, Ruslan R},
  journal={Science},
  volume={313},
  number={5786},
  pages={504--507},
  year={2006},
  publisher={American Association for the Advancement of Science}
}

@article{slater2017computationally,
  title={Computationally-Guided Synthetic Control over Pore Size in Isostructural Porous Organic Cages},
  author={Slater, Anna G and Reiss, Paul S and Pulido, Angeles and Little, Marc A and Holden, Daniel L and Chen, Linjiang and Chong, Samantha Y and Alston, Ben M and Clowes, Rob and Haranczyk, Maciej and others},
  journal={ACS central science},
  volume={3},
  number={7},
  pages={734--742},
  year={2017},
  publisher={ACS Publications}
}

@article{moghadam2017development,
  title={Development of a Cambridge Structural Database subset: a collection of metal--organic frameworks for past, present, and future},
  author={Moghadam, Peyman Z and Li, Aurelia and Wiggin, Seth B and Tao, Andi and Maloney, Andrew GP and Wood, Peter A and Ward, Suzanna C and Fairen-Jimenez, David},
  journal={Chemistry of Materials},
  volume={29},
  number={7},
  pages={2618--2625},
  year={2017},
  publisher={ACS Publications}
}

@article{mastalerz2011salicylbisimine,
  title={A salicylbisimine cage compound with high surface area and selective CO$_2$/CH$_4$ adsorption},
  author={Mastalerz, Michael and Schneider, Markus W and Oppel, Iris M and Presly, Oliver},
  journal={Angewandte Chemie International Edition},
  volume={50},
  number={5},
  pages={1046--1051},
  year={2011},
  publisher={Wiley Online Library}
}

@article{hasell2016porous,
  title={Porous organic cages: soluble, modular and molecular pores},
  author={Hasell, Tom and Cooper, Andrew I},
  journal={Nature Reviews Materials},
  volume={1},
  number={9},
  pages={16053},
  year={2016},
  publisher={Nature Publishing Group}
}

@article{sumida2011carbon,
  title={Carbon dioxide capture in metal--organic frameworks},
  author={Sumida, Kenji and Rogow, David L and Mason, Jarad A and McDonald, Thomas M and Bloch, Eric D and Herm, Zoey R and Bae, Tae-Hyun and Long, Jeffrey R},
  journal={Chemical reviews},
  volume={112},
  number={2},
  pages={724--781},
  year={2011},
  publisher={ACS Publications}
}

@article{li2011metal,
  title={Metal--organic frameworks for separations},
  author={Li, Jian-Rong and Sculley, Julian and Zhou, Hong-Cai},
  journal={Chemical reviews},
  volume={112},
  number={2},
  pages={869--932},
  year={2011},
  publisher={ACS Publications}
}

@article{holst2010porous,
  title={Porous organic molecules},
  author={Holst, James R and Trewin, Abbie and Cooper, Andrew I},
  journal={Nature Chemistry},
  volume={2},
  number={11},
  pages={915},
  year={2010},
  publisher={Nature Publishing Group}
}

@article{banerjee2014potential,
  title={Potential of metal--organic frameworks for separation of xenon and krypton},
  author={Banerjee, Debasis and Cairns, Amy J and Liu, Jian and Motkuri, Radha K and Nune, Satish K and Fernandez, Carlos A and Krishna, Rajamani and Strachan, Denis M and Thallapally, Praveen K},
  journal={Accounts of chemical research},
  volume={48},
  number={2},
  pages={211--219},
  year={2014},
  publisher={ACS Publications}
}
@article{mckeown2010nanoporous,
  title={Nanoporous molecular crystals},
  author={McKeown, Neil B},
  journal={Journal of Materials Chemistry},
  volume={20},
  number={47},
  pages={10588--10597},
  year={2010},
  publisher={Royal Society of Chemistry}
}

@article{miklitz2017computational,
  title={Computational screening of porous organic molecules for xenon/krypton separation},
  author={Miklitz, Marcin and Jiang, Shan and Clowes, Rob and Briggs, Michael E and Cooper, Andrew I and Jelfs, Kim E},
  journal={The Journal of Physical Chemistry C},
  volume={121},
  number={28},
  pages={15211--15222},
  year={2017},
  publisher={ACS Publications}
}
  
@article{smit2008towards,
  title={Towards a molecular understanding of shape selectivity},
  author={Smit, Berend and Maesen, Theo LM},
  journal={Nature},
  volume={451},
  number={7179},
  pages={671-678},
  year={2008},
  publisher={Nature Publishing Group}
}

@article{jones2011off,
  title={On--off porosity switching in a molecular organic solid},
  author={Jones, James TA and Holden, Daniel and Mitra, Tamoghna and Hasell, Tom and Adams, Dave J and Jelfs, Kim E and Trewin, Abbie and Willock, David J and Day, Graeme M and Bacsa, John and others},
  journal={Angewandte Chemie International Edition},
  volume={50},
  number={3},
  pages={749--753},
  year={2011},
  publisher={Wiley Online Library}
}

@article{herm2013hydrocarbon,
  title={Hydrocarbon separations in metal--organic frameworks},
  author={Herm, Zoey R and Bloch, Eric D and Long, Jeffrey R},
  journal={Chemistry of Materials},
  volume={26},
  number={1},
  pages={323--338},
  year={2013},
  publisher={ACS Publications}
}

@article{lu2010porous,
  title={Porous polymer networks: synthesis, porosity, and applications in gas storage/separation},
  author={Lu, Weigang and Yuan, Daqiang and Zhao, Dan and Schilling, Christine Inge and Plietzsch, Oliver and Muller, Thierry and Bräse, Stefan and Guenther, Johannes and Blümel, Janet and Krishna, Rajamani and others},
  journal={Chemistry of Materials},
  volume={22},
  number={21},
  pages={5964--5972},
  year={2010},
  publisher={ACS Publications}
}

@article{allen2002cambridge,
  title={The Cambridge Structural Database: a quarter of a million crystal structures and rising},
  author={Allen, Frank H},
  journal={Acta Crystallographica Section B: Structural Science},
  volume={58},
  number={3},
  pages={380--388},
  year={2002},
  publisher={International Union of Crystallography}
}

@article{doe_study,
  title={Bandwidth Study on Energy Use and Potential Energy Saving Opportunities in U.S. Petroleum Refining},
  author={Sabine Brueske and Caroline Kramer and Aaron Fisher},
  journal={Energetics Incorporated, prepared for the US Department of Energy Office of Energy Efficiency and Renewable Energy Advanced Manufacturing Office},
  year={2015}
}

@article{pulido2017functional,
  title={Functional materials discovery using energy--structure--function maps},
  author={Pulido, Angeles and Chen, Linjiang and Kaczorowski, Tomasz and Holden, Daniel and Little, Marc A and Chong, Samantha Y and Slater, Benjamin J and McMahon, David P and Bonillo, Baltasar and Stackhouse, Chloe J and others},
  journal={Nature},
  volume={543},
  number={7647},
  pages={657},
  year={2017},
  publisher={Nature Publishing Group}
}

@article{miklitz2018pywindow,
  title={\texttt{pywindow}: Automated Structural Analysis of Molecular Pores},
  author={Miklitz, Marcin and Jelfs, Kim E},
  journal={Journal of Chemical Information and Modeling},
  year={2018},
  publisher={ACS Publications}
}

@article{davis1991zeolites,
  title={Zeolites and molecular sieves: not just ordinary catalysts},
  author={Davis, Mark E},
  journal={Industrial \& engineering chemistry research},
  volume={30},
  number={8},
  pages={1675--1683},
  year={1991},
  publisher={ACS Publications}
}

@article{diercks2017atom,
  title={The atom, the molecule, and the covalent organic framework},
  author={Diercks, Christian S and Yaghi, Omar M},
  journal={Science},
  volume={355},
  number={6328},
  pages={eaal1585},
  year={2017},
  publisher={American Association for the Advancement of Science}
}

@article{furukawa2013chemistry,
  title={The chemistry and applications of metal-organic frameworks},
  author={Furukawa, Hiroyasu and Cordova, Kyle E and O'Keeffe, Michael and Yaghi, Omar M},
  journal={Science},
  volume={341},
  number={6149},
  pages={1230444},
  year={2013},
  publisher={American Association for the Advancement of Science}
}

@article{boyle1908theabsorption,
  title={The Absorption of the Radioactive Emanations by Charcoal},
  author={Boyle, RW},
  journal={The Journal of Physical Chemistry},
  volume={12},
  number={7},
  pages={484--506},
  year={1908},
  publisher={AC Publications}
}

@article{tozawa2009porous,
  title={Porous organic cages},
  author={Tozawa, Tomokazu and Jones, James TA and Swamy, Shashikala I and Jiang, Shan and Adams, Dave J and Shakespeare, Stephen and Clowes, Rob and Bradshaw, Darren and Hasell, Tom and Chong, Samantha Y and Tang, C and Thompson, S and Parker, J and Trewin, A and Bacsa, J and Slawin, A and Steiner, A and Cooper, A},
  journal={Nature Materials},
  volume={8},
  number={12},
  pages={973},
  year={2009},
  publisher={Nature Publishing Group}
}

@book{frenkel2001understanding,
  title={Understanding molecular simulation: from algorithms to applications},
  author={Frenkel, Daan and Smit, Berend},
  volume={1},
  year={2001},
  publisher={Elsevier}
}

@article{hasell2014controlling,
  title={Controlling the crystallization of porous organic cages: molecular analogs of isoreticular frameworks using shape-specific directing solvents},
  author={Hasell, Tom and Culshaw, Jamie L and Chong, Samantha Y and Schmidtmann, Marc and Little, Marc A and Jelfs, Kim E and Pyzer-Knapp, Edward O and Shepherd, Hilary and Adams, Dave J and Day, Graeme M and Cooper, A},
  journal={Journal of the American Chemical Society},
  volume={136},
  number={4},
  pages={1438--1448},
  year={2014},
  publisher={ACS Publications}
}

@article{schneider2013post,
  title={Post-Modification of the Interior of Porous Shape-Persistent Organic Cage Compounds},
  author={Schneider, Markus W and Oppel, Iris M and Griffin, Alexandra and Mastalerz, Michael},
  journal={Angewandte Chemie International Edition},
  volume={52},
  number={13},
  pages={3611--3615},
  year={2013},
  publisher={Wiley Online Library}
}

@article{tian2009amorphous,
  title={Amorphous molecular organic solids for gas adsorption},
  author={Tian, Jian and Thallapally, Praveen K and Dalgarno, Scott J and McGrail, Peter B and Atwood, Jerry L},
  journal={Angewandte Chemie International Edition},
  volume={48},
  number={30},
  pages={5492--5495},
  year={2009},
  publisher={Wiley Online Library}
}

@article{le2012quantitative,
  title={Quantitative structure--property relationship modeling of diverse materials properties},
  author={Le, Tu and Epa, V Chandana and Burden, Frank R and Winkler, David A},
  journal={Chemical Reviews},
  volume={112},
  number={5},
  pages={2889--2919},
  year={2012},
  publisher={ACS Publications}
}

@article{hong2015porphyrin,
  title={Porphyrin boxes: rationally designed porous organic cages},
  author={Hong, Soonsang and Rohman, Md Rumum and Jia, Jiangtao and Kim, Youngkook and Moon, Dohyun and Kim, Yonghwi and Ko, Young Ho and Lee, Eunsung and Kim, Kimoon},
  journal={Angewandte Chemie International Edition},
  volume={54},
  number={45},
  pages={13241--13244},
  year={2015},
  publisher={Wiley Online Library}
}

@book{friedman2001elements,
  title={The Elements of Statistical Learning},
  author={Friedman, Jerome and Hastie, Trevor and Tibshirani, Robert},
  volume={1},
  year={2001},
  publisher={Springer Series in Statistics, New York}
}

@article{sf6seps,
  title={Porous organic cages for sulfur hexafluoride separation},
  author={Hasell, Tom and Miklitz, Marcin and Stephenson, Andrew and Little, Marc A and Chong, Samantha Y and Clowes, Rob and Chen, Linjiang and Holden, Daniel and Tribello, Gareth A and Jelfs, Kim E and Cooper, A},
  journal={Journal of the American Chemical Society},
  volume={138},
  number={5},
  pages={1653--1659},
  year={2016},
  publisher={ACS Publications}
}

@article{holden2014gas,
  title={Gas diffusion in a porous organic cage: Analysis of dynamic pore connectivity using molecular dynamics simulations},
  author={Holden, Daniel and Jelfs, Kim E and Trewin, Abbie and Willock, David J and Haranczyk, Maciej and Cooper, Andrew I},
  journal={The Journal of Physical Chemistry C},
  volume={118},
  number={24},
  pages={12734--12743},
  year={2014},
  publisher={ACS Publications}
}

@article{camp2016transition,
  title={Transition state theory methods to measure diffusion in flexible nanoporous materials: application to a porous organic cage crystal},
  author={Camp, Jeffrey S and Sholl, David S},
  journal={The Journal of Physical Chemistry C},
  volume={120},
  number={2},
  pages={1110--1120},
  year={2016},
  publisher={ACS Publications}
}

@article{zhang2015homochiral,
  title={Homochiral porous organic cage with high selectivity for the separation of racemates in gas chromatography},
  author={Zhang, Jun-Hui and Xie, Sheng-Ming and Chen, Ling and Wang, Bang-Jin and He, Pin-Gang and Yuan, Li-Ming},
  journal={Analytical chemistry},
  volume={87},
  number={15},
  pages={7817--7824},
  year={2015},
  publisher={ACS Publications}
}

@article{chen2014separation,
  title={Separation of rare gases and chiral molecules by selective binding in porous organic cages},
  author={Chen, Linjiang and Reiss, Paul S and Chong, Samantha Y and Holden, Daniel and Jelfs, Kim E and Hasell, Tom and Little, Marc A and Kewley, Adam and Briggs, Michael E and Stephenson, Andrew and Thomas, M and Armstrong, JA and Bell, J and Busto, J and Noel, R and Liu, J and Strachan, DM and Thallapally, PK and Cooper, A},
  journal={Nature Materials},
  volume={13},
  number={10},
  pages={954},
  year={2014},
  publisher={Nature Publishing Group}
}